
# generated using https://www.doi2bib.org/

@article{Gelman2006significance,
  doi = {10.1198/000313006x152649},
  url = {https://doi.org/10.1198/000313006x152649},
  year  = {2006},
  month = {nov},
  publisher = {Informa {UK} Limited},
  volume = {60},
  number = {4},
  pages = {328--331},
  author = {Andrew Gelman and Hal Stern},
  title = {The Difference Between {\textquotedblleft}Significant{\textquotedblright} and {\textquotedblleft}Not Significant{\textquotedblright} is not Itself Statistically Significant},
  journal = {The American Statistician}
}

@article{Gelman2006multilevel,
  doi = {10.1198/004017005000000661},
  url = {https://doi.org/10.1198/004017005000000661},
  year  = {2006},
  month = {aug},
  publisher = {Informa {UK} Limited},
  volume = {48},
  number = {3},
  pages = {432--435},
  author = {Andrew Gelman},
  title = {Multilevel (Hierarchical) Modeling: What It Can and Cannot Do},
  journal = {Technometrics}
}
